@article{Sasaki:1995aw,
      author         = "Sasaki, Misao and Stewart, Ewan D.",
      title          = "{A General analytic formula for the spectral index of the
                        density perturbations produced during inflation}",
      journal        = "Prog.Theor.Phys.",
      volume         = "95",
      pages          = "71-78",
      doi            = "10.1143/PTP.95.71",
      year           = "1996",
      eprint         = "astro-ph/9507001",
      archivePrefix  = "arXiv",
      primaryClass   = "astro-ph",
      reportNumber   = "LANCS-TH-9504, OU-TAP-22",
      SLACcitation   = "%%CITATION = ASTRO-PH/9507001;%%",
}
@article{Salopek:1988qh,
      author         = "Salopek, D.S. and Bond, J.R. and Bardeen, James M.",
      title          = "{Designing Density Fluctuation Spectra in Inflation}",
      journal        = "Phys.Rev.",
      volume         = "D40",
      pages          = "1753",
      doi            = "10.1103/PhysRevD.40.1753",
      year           = "1989",
      reportNumber   = "PRINT-88-0833 (CANADA)",
      SLACcitation   = "%%CITATION = PHRVA,D40,1753;%%",
}
@article{Gao:2013ota,
      author         = "Gao, Xian and Langlois, David and Mizuno, Shuntaro",
      title          = "{Oscillatory features in the curvature power spectrum
                        after a sudden turn of the inflationary trajectory}",
      year           = "2013",
      eprint         = "1306.5680",
      archivePrefix  = "arXiv",
      primaryClass   = "hep-th",
      SLACcitation   = "%%CITATION = ARXIV:1306.5680;%%",
}
@article{Noumi:2013cfa,
      author         = "Noumi, Toshifumi and Yamaguchi, Masahide",
      title          = "{Primordial spectra from sudden turning trajectory}",
      year           = "2013",
      eprint         = "1307.7110",
      archivePrefix  = "arXiv",
      primaryClass   = "hep-th",
      reportNumber   = "RIKEN-MP-73",
      SLACcitation   = "%%CITATION = ARXIV:1307.7110;%%",
}
@article{Noumi:2012vr,
      author         = "Noumi, Toshifumi and Yamaguchi, Masahide and Yokoyama,
                        Daisuke",
      title          = "{Effective field theory approach to quasi-single field
                        inflation and effects of heavy fields}",
      journal        = "JHEP",
      volume         = "1306",
      pages          = "051",
      doi            = "10.1007/JHEP06(2013)051",
      year           = "2013",
      eprint         = "1211.1624",
      archivePrefix  = "arXiv",
      primaryClass   = "hep-th",
      reportNumber   = "UT-KOMABA-12-9, TIT-HEP-625",
      SLACcitation   = "%%CITATION = ARXIV:1211.1624;%%",
}
@article{Gao:2012uq,
      author         = "Gao, Xian and Langlois, David and Mizuno, Shuntaro",
      title          = "{Influence of heavy modes on perturbations in multiple
                        field inflation}",
      journal        = "JCAP",
      volume         = "1210",
      pages          = "040",
      doi            = "10.1088/1475-7516/2012/10/040",
      year           = "2012",
      eprint         = "1205.5275",
      archivePrefix  = "arXiv",
      primaryClass   = "hep-th",
      SLACcitation   = "%%CITATION = ARXIV:1205.5275;%%",
}
@article{Pi:2012gf,
      author         = "Pi, Shi and Sasaki, Misao",
      title          = "{Curvature Perturbation Spectrum in Two-field Inflation
                        with a Turning Trajectory}",
      journal        = "JCAP",
      volume         = "1210",
      pages          = "051",
      doi            = "10.1088/1475-7516/2012/10/051",
      year           = "2012",
      eprint         = "1205.0161",
      archivePrefix  = "arXiv",
      primaryClass   = "hep-th",
      reportNumber   = "YITP-12-36",
      SLACcitation   = "%%CITATION = ARXIV:1205.0161;%%",
}

@article{Cespedes:2012hu,
      author         = "Cespedes, Sebastian and Atal, Vicente and Palma, Gonzalo
                        A.",
      title          = "{On the importance of heavy fields during inflation}",
      journal        = "JCAP",
      volume         = "1205",
      pages          = "008",
      doi            = "10.1088/1475-7516/2012/05/008",
      year           = "2012",
      eprint         = "1201.4848",
      archivePrefix  = "arXiv",
      primaryClass   = "hep-th",
      SLACcitation   = "%%CITATION = ARXIV:1201.4848;%%",
}

@article{Avgoustidis:2011em,
      author         = "Avgoustidis, Anastasios and Cremonini, Sera and Davis,
                        Anne-Christine and Ribeiro, Raquel H. and Turzynski,
                        Krzysztof and others",
      title          = "{The Importance of Slow-roll Corrections During
                        Multi-field Inflation}",
      journal        = "JCAP",
      volume         = "1202",
      pages          = "038",
      doi            = "10.1088/1475-7516/2012/02/038",
      year           = "2012",
      eprint         = "1110.4081",
      archivePrefix  = "arXiv",
      primaryClass   = "astro-ph.CO",
      reportNumber   = "DAMTP-2011-87, MIFPA-11-48, NSF-KITP-11-218",
      SLACcitation   = "%%CITATION = ARXIV:1110.4081;%%",
}
@article{Achucarro:2010da,
      author         = "Achucarro, Ana and Gong, Jinn-Ouk and Hardeman, Sjoerd
                        and Palma, Gonzalo A. and Patil, Subodh P.",
      title          = "{Features of heavy physics in the CMB power spectrum}",
      journal        = "JCAP",
      volume         = "1101",
      pages          = "030",
      doi            = "10.1088/1475-7516/2011/01/030",
      year           = "2011",
      eprint         = "1010.3693",
      archivePrefix  = "arXiv",
      primaryClass   = "hep-ph",
      reportNumber   = "LPTENS-10-36, CPHT-RR-080.0910",
      SLACcitation   = "%%CITATION = ARXIV:1010.3693;%%",
}
@article{Chen:2009zp,
      author         = "Chen, Xingang and Wang, Yi",
      title          = "{Quasi-Single Field Inflation and Non-Gaussianities}",
      journal        = "JCAP",
      volume         = "1004",
      pages          = "027",
      doi            = "10.1088/1475-7516/2010/04/027",
      year           = "2010",
      eprint         = "0911.3380",
      archivePrefix  = "arXiv",
      primaryClass   = "hep-th",
      SLACcitation   = "%%CITATION = ARXIV:0911.3380;%%",
}
@article{Chen:2009we,
      author         = "Chen, Xingang and Wang, Yi",
      title          = "{Large non-Gaussianities with Intermediate Shapes from
                        Quasi-Single Field Inflation}",
      journal        = "Phys.Rev.",
      volume         = "D81",
      pages          = "063511",
      doi            = "10.1103/PhysRevD.81.063511",
      year           = "2010",
      eprint         = "0909.0496",
      archivePrefix  = "arXiv",
      primaryClass   = "astro-ph.CO",
      reportNumber   = "MIT-CTP-4071",
      SLACcitation   = "%%CITATION = ARXIV:0909.0496;%%",
}
@article{Huston:2011fr,
      author         = "Huston, Ian and Christopherson, Adam J.",
      title          = "{Calculating Non-adiabatic Pressure Perturbations during
                        Multi-field Inflation}",
      journal        = "Phys.Rev.",
      volume         = "D85",
      pages          = "063507",
      doi            = "10.1103/PhysRevD.85.063507",
      year           = "2012",
      eprint         = "1111.6919",
      archivePrefix  = "arXiv",
      primaryClass   = "astro-ph.CO",
      SLACcitation   = "%%CITATION = ARXIV:1111.6919;%%",
}
@article{Peterson:2010np,
      author         = "Peterson, Courtney M. and Tegmark, Max",
      title          = "{Testing Two-Field Inflation}",
      journal        = "Phys.Rev.",
      volume         = "D83",
      pages          = "023522",
      doi            = "10.1103/PhysRevD.83.023522",
      year           = "2011",
      eprint         = "1005.4056",
      archivePrefix  = "arXiv",
      primaryClass   = "astro-ph.CO",
      SLACcitation   = "%%CITATION = ARXIV:1005.4056;%%",
}
@article{Gordon:2000hv,
      author         = "Gordon, Christopher and Wands, David and Bassett, Bruce
                        A. and Maartens, Roy",
      title          = "{Adiabatic and entropy perturbations from inflation}",
      journal        = "Phys.Rev.",
      volume         = "D63",
      pages          = "023506",
      doi            = "10.1103/PhysRevD.63.023506",
      year           = "2001",
      eprint         = "astro-ph/0009131",
      archivePrefix  = "arXiv",
      primaryClass   = "astro-ph",
      SLACcitation   = "%%CITATION = ASTRO-PH/0009131;%%",
}
